@INPROCEEDINGS{deng,
author={J. {Deng} and W. {Dong} and R. {Socher} and L. {Li} and and },
booktitle={2009 IEEE Conference on Computer Vision and Pattern Recognition},
title={ImageNet: A large-scale hierarchical image database},
year={2009},
volume={},
number={},
pages={248-255},
keywords={computer vision;image resolution;image retrieval;Internet;multimedia computing;ontologies (artificial intelligence);trees (mathematics);very large databases;visual databases;ImageNet database;large-scale hierarchical image database;Internet;image retrieval;multimedia data;large-scale ontology;wordNet structure;image resolution;subtree;computer vision;Large-scale systems;Image databases;Explosions;Internet;Robustness;Information retrieval;Image retrieval;Multimedia databases;Ontologies;Spine},
doi={10.1109/CVPR.2009.5206848},
ISSN={1063-6919},
month={June},}


@ARTICLE{woolf_03,
author={Woolf, A.D. and Pfleger, B.},
title={Burden of Major Musculoskeletal Conditions},
journal={Bulletin of the World Health Organization},
volume={81},
year={2003},
pages={646-656}}


@ARTICLE{Woolf_2000,
author={Woolf, A D.},
title={The bone and joint decade 2000-2010},
journal={Annals of the rheumatic diseases},
volume={59},
number={2},
year={2000},
pages={81-2},
doi={10.1136/ard.59.2.81}
}


@article{hannun,
  author    = {Awni Y. Hannun and
               Carl Case and
               Jared Casper and
               Bryan Catanzaro and
               Greg Diamos and
               Erich Elsen and
               Ryan Prenger and
               Sanjeev Satheesh and
               Shubho Sengupta and
               Adam Coates and
               Andrew Y. Ng},
  title     = {Deep Speech: Scaling up end-to-end speech recognition},
  journal   = {CoRR},
  volume    = {abs/1412.5567},
  year      = {2014},
  url       = {http://arxiv.org/abs/1412.5567},
  archivePrefix = {arXiv},
  eprint    = {1412.5567},
  timestamp = {Mon, 13 Aug 2018 16:48:07 +0200},
  biburl    = {https://dblp.org/rec/bib/journals/corr/HannunCCCDEPSSCN14},
  bibsource = {dblp computer science bibliography, https://dblp.org}
}


@article{esteva,
  added-at = {2017-12-06T19:03:10.000+0100},
  author = {Esteva, Andre and Kuprel, Brett and Novoa, Roberto A. and Ko, Justin and Swetter, Susan M. and Blau, Helen M. and Thrun, Sebastian},
  biburl = {https://www.bibsonomy.org/bibtex/2f8eae5c376705ae9873362fa5850f85d/spdrnl},
  description = {Dermatologist-level classification of skin cancer with deep neural networks | Nature},
  interhash = {31f6f612afa8dd81e83db4c07de1d666},
  intrahash = {f8eae5c376705ae9873362fa5850f85d},
  journal = {Nature},
  keywords = {cnn medical},
  month = jan,
  pages = {115--},
  publisher = {Macmillan Publishers Limited, part of Springer Nature. All rights reserved.},
  timestamp = {2017-12-06T19:03:10.000+0100},
  title = {Dermatologist-level classification of skin cancer with deep neural networks},
  url = {http://dx.doi.org/10.1038/nature21056},
  volume = 542,
  year = 2017
}



@article{gertych,
title = "Bone age assessment of children using a digital hand atlas",
journal = "Computerized Medical Imaging and Graphics",
volume = "31",
number = "4",
pages = "322 - 331",
year = "2007",
note = "Computer-aided Diagnosis (CAD) and Image-guided Decision Support",
issn = "0895-6111",
doi = "https://doi.org/10.1016/j.compmedimag.2007.02.012",
url = "http://www.sciencedirect.com/science/article/pii/S0895611107000274",
author = "Arkadiusz Gertych and Aifeng Zhang and James Sayre and Sylwia Pospiech-Kurkowska and H.K. Huang",
}




@article{pranav_16,
  author    = {Pranav Rajpurkar and
               Jian Zhang and
               Konstantin Lopyrev and
               Percy Liang},
  title     = {SQuAD: 100, 000+ Questions for Machine Comprehension of Text},
  journal   = {CoRR},
  volume    = {abs/1606.05250},
  year      = {2016},
  url       = {http://arxiv.org/abs/1606.05250},
  archivePrefix = {arXiv},
  eprint    = {1606.05250},
  timestamp = {Mon, 13 Aug 2018 16:49:13 +0200},
  biburl    = {https://dblp.org/rec/bib/journals/corr/RajpurkarZLL16},
  bibsource = {dblp computer science bibliography, https://dblp.org}
}



@article{pranav_17,
  author    = {Pranav Rajpurkar and
               Awni Y. Hannun and
               Masoumeh Haghpanahi and
               Codie Bourn and
               Andrew Y. Ng},
  title     = {Cardiologist-Level Arrhythmia Detection with Convolutional Neural
               Networks},
  journal   = {CoRR},
  volume    = {abs/1707.01836},
  year      = {2017},
  url       = {http://arxiv.org/abs/1707.01836},
  archivePrefix = {arXiv},
  eprint    = {1707.01836},
  timestamp = {Mon, 13 Aug 2018 16:46:18 +0200},
  biburl    = {https://dblp.org/rec/bib/journals/corr/RajpurkarHHBN17},
  bibsource = {dblp computer science bibliography, https://dblp.org}
}


@inproceedings{xuan,
  author    = {Hong Xuan and
               Richard Souvenir and
               Robert Pless},
  title     = {Deep Randomized Ensembles for Metric Learning},
  booktitle = {Computer Vision - {ECCV} 2018 - 15th European Conference, Munich, Germany, Proceedings, Part {XVI}},
  pages     = {751--762},
  year      = {2018},
  url       = {https://doi.org/10.1007/978-3-030-01270-0\_44},
  doi       = {10.1007/978-3-030-01270-0\_44},
}



@article{pranav_18,
author    = {Pranav Rajpurkar and
            Jeremy Irvin and
            Aarti Bagul and
            Daisy Ding and
            Tony Duan and
            Hershel Mehta and
            Brandon Yang and
            Kaylie Zhu and
            Dillon Laird and
            Robyn L. Ball and
            Curtis Langlotz and
            Katie Shpanskaya and
            Matthew P. Lungren and
            Andrew Y. Ng},
  title     = {MURA: Large Dataset for Abnormality Detection in Musculoskeletal Radiographs},
  journal   = {CoRR},
  volume    = {abs/1712.06957},
  year      = {2018},
  url       = {http://arxiv.org/1712.06957},
  archivePrefix = {arXiv},
  eprint    = {1712.06957}  
}

@BOOK{galton,
  TITLE = {Finger Prints},
  AUTHOR = {Galton, Francis},
  YEAR = {1892}, 
  PUBLISHER = {Macmillan and Co.},
}

@INPROCEEDINGS{adaboost,
    author = {Yoav Freund and Robert E. Schapire},
    title = {A Short Introduction to Boosting},
    booktitle = {In Proceedings of the Sixteenth International Joint Conference on Artificial Intelligence},
    year = {1999},
    pages = {1401--1406},
    publisher = {Morgan Kaufmann}
}

@article{adadelta,
  author    = {Matthew D. Zeiler},
  title     = {{ADADELTA:} An Adaptive Learning Rate Method},
  journal   = {CoRR},
  volume    = {abs/1212.5701},
  year      = {2012},
  url       = {http://arxiv.org/abs/1212.5701},
  archivePrefix = {arXiv},
  eprint    = {1212.5701},
  timestamp = {Mon, 13 Aug 2018 16:45:57 +0200},
  biburl    = {https://dblp.org/rec/bib/journals/corr/abs-1212-5701},
  bibsource = {dblp computer science bibliography, https://dblp.org}
}